@misc{chen2012,
  author = {Raymond Chen},
  note   = {The Old New Thing, August 8, 2012},
  title  = {Of what possible legitimate use are functions like CreateRemoteThread, WriteProcessMemory, and VirtualProtectEx?},
  url    = {https://devblogs.microsoft.com/oldnewthing/20120808-00/?p=6913},
  year   = {2012}
}

@online{MicrosoftCreateRemoteThread,
  author       = {Microsoft},
  note         = {Accessed: November 01, 2022},
  organization = {Microsoft},
  subtitle     = {Remarks},
  title        = {CreateRemoteThread function},
  url          = {https://learn.microsoft.com/en-us/windows/win32/api/processthreadsapi/nf-processthreadsapi-createremotethread#remarks},
  urldate      = {2022-11-01},
  year         = {2022}
}

@online{man7ptrace,
  author = {man-pages},
  note   = {Accessed: 2024-07-29},
  title  = {ptrace(2) - Linux manual page},
  url    = {https://man7.org/linux/man-pages/man2/ptrace.2.html}
}

@online{hizakura2022,
  author = {Yiwei Lin},
  note   = {Accessed: 2022-07-29},
  title  = {基於 ptrace 在 Linux 上打造具體而微的 debugger},
  url    = {https://hackmd.io/@RinHizakura/BJH7zsU99},
  year   = {2022}
}

@article{reasonlabs2023,
  author = {{ReasonLabs}},
  title  = {Dynamic Link Library (DLL) Injection Detection},
  url    = {https://cyberpedia.reasonlabs.com/EN/dynamic%20link%20library%20%28dll%29%20injection%20detection.html},
  year   = {2023}
}

@article{wickens2022,
  author = {Eoin Wickens, Marta Janus, Tom Bonner},
  title  = {Weaponizing Machine Learning Models with Ransomware},
  url    = {https://hiddenlayer.com/research/weaponizing-machine-learning-models-with-ransomware/},
  year   = {2022}
}

@article{kim2023,
  author  = {Junwon Kim, Jiho Shin, Jung Taek Seo},
  journal = {Journal of Information Technology},
  title   = {Detection and Blocking Method against DLL Injection Attack Using PEB-LDR of ICS EWS in Smart IoT Environments},
  url     = {https://jit.ndhu.edu.tw/article/download/2739/2762},
  year    = {2023}
}

@misc{stackoverflow2012,
  author = {Mick},
  title  = {Detecting Reflective DLL Injection},
  url    = {https://stackoverflow.com/questions/12697292/detecting-reflective-dll-injection},
  year   = {2012}
}

@article{sihwail2021,
  author  = {Rami Sihwail, Khairuddin Omar, Khairul Akram Zainol Ariffin},
  doi     = {10.32604/cmc.2021.014510},
  journal = {Computers, Materials \& Continua},
  number  = {2},
  pages   = {2301--2320},
  title   = {An Effective Memory Analysis for Malware Detection and Classification},
  url     = {https://doi.org/10.32604/cmc.2021.014510},
  volume  = {67},
  year    = {2021}
}

@article{aljabri2024,
  author  = {Malak Aljabri, et al.},
  doi     = {10.1016/j.eij.2024.100445},
  journal = {Egyptian Informatics Journal},
  number  = {1},
  pages   = {100445},
  title   = {Ransomware detection based on machine learning using memory features},
  url     = {https://www.sciencedirect.com/science/article/pii/S1110866524000082},
  volume  = {24},
  year    = {2024}
}
